@INPROCEEDINGS{
    8679260,  
    author={M. S. B. {Mostafa} and A. K. M. {Masum} and M. S. {Uddin} and M. K. A. {Chy} and S. M. T. {Reza}},  booktitle={2019 International Conference on Electrical, Computer and Communication Engineering (ECCE)},   title={Amphibious Line following Robot for Product Delivery in Context of Bangladesh},
    year={2019},
    volume={},
    number={},
    pages={1-6},
    doi={10.1109/ECACE.2019.8679260}
},

@INPROCEEDINGS{5356366,
  author={A. H. {Ismail} and H. R. {Ramli} and M. H. {Ahmad} and M. H. {Marhaban}},
  booktitle={2009 IEEE Symposium on Industrial Electronics   Applications}, 
  title={Vision-based system for line following mobile robot}, 
  year={2009},
  volume={2},
  number={},
  pages={642-645},
  doi={10.1109/ISIEA.2009.5356366}},
 

@MISC{
    1, 
    author={MATLAB/Simulink},
    title={Block Parameter: PARROT Image Conversion}
},

@MISC{
    2, 
    author={MATLAB/Simulink},
    title={Block Parameter: Demux}
}

@MISC{
    3, 
    author={MATLAB/Simulink},
    title={Image Processing System}
}